
@inbook{Modern,
      author         = "Thomson, Mark",
      title          = "{Modern particle physics}",
      publisher      = "Cambridge University Press",
      address        = "New York",
      year           = "2013",
      ISBN           = "9781107034266",
      pages			 = "177-206"
}

@article{0409,
  doi = {10.1038/nphys1248},
  year  = {2009},
  month = {apr},
  publisher = {Springer Nature},
  volume = {5},
  number = {5},
  pages = {363--367},
  author = {Allen Caldwell and Konstantin Lotov and Alexander Pukhov and Frank Simon},
  title = {Proton-driven plasma-wakefield acceleration},
  journal = {Nature Physics}
}

    
@article{0114,
  author={AWAKE Collaboration and others},
  title={Proton-driven plasma wakefield acceleration: a path to the future of high-energy particle physics},
  journal={Plasma Physics and Controlled Fusion},
  volume={56},
  number={8},
  pages={084013},
  url={http://stacks.iop.org/0741-3335/56/i=8/a=084013},
  year={2014},
}
  
@article{1115,
title = "Path to AWAKE: Evolution of the concept",
journal = "Nuclear Instruments and Methods in Physics Research Section A: Accelerators, Spectrometers, Detectors and Associated Equipment",
volume = "829",
pages = "3 - 16",
year = "2016",
note = "2nd European Advanced Accelerator Concepts Workshop - EAAC 2015",
issn = "0168-9002",
doi = "https://doi.org/10.1016/j.nima.2015.12.050",
url = "http://www.sciencedirect.com/science/article/pii/S0168900215016307",
author = "A. Caldwell and others",
keywords = "Plasma wakefield acceleration, Proton driver, Self-modulation instability"
}

@article{0918,
  doi = {10.1038/s41586-018-0485-4},
  url = {https://doi.org/10.1038/s41586-018-0485-4},
  year  = {2018},
  month = {aug},
  publisher = {Springer Nature America,  Inc},
  volume = {561},
  number = {7723},
  pages = {363--367},
  author = {E. Adli and others},
  title = {Acceleration of electrons in the plasma wakefield of a proton bunch},
  journal = {Nature}
}


@article{1206,
Author = {J. L. Abelleira Fernandez and others},
Title = {A Large Hadron Electron Collider at CERN: Report on the Physics and Design Concepts for Machine and Detector},
Year = {2012},
Eprint = {arXiv:1206.2913},
Doi = {10.1088/0954-3899/39/7/075001},
}

@article{H1,
      author         = "Andreev, Vladimir and others",
      title          = "{Measurement of Jet Production Cross Sections in
                        Deep-inelastic ep Scattering at HERA}",
      collaboration  = "H1",
      journal        = "Eur. Phys. J.",
      volume         = "C77",
      year           = "2017",
      number         = "4",
      pages          = "215",
      doi            = "10.1140/epjc/s10052-017-4717-9",
      eprint         = "1611.03421",
      archivePrefix  = "arXiv",
      primaryClass   = "hep-ex",
      reportNumber   = "DESY-16-200",
      SLACcitation   = "%%CITATION = ARXIV:1611.03421;%%"
}


@Article{1308,
author="Mankel, Rainer",
title="The hadronic final state at HERA",
journal="Czechoslovak Journal of Physics",
year="2006",
month="Sep",
day="01",
volume="56",
number="1",
pages="A127--A137",
abstract="The electron-proton collider HERA offers unique capabilities to study the properties of the hadronic final state. This paper summarizes selected results highlights from the colliding beam experiments H1 and ZEUS.",
issn="1572-9486",
doi="10.1007/s10582-006-0149-8",
url="https://doi.org/10.1007/s10582-006-0149-8"
}



@article{OZ,
title = "A novel Rb vapor plasma source for plasma wakefield accelerators",
journal = "Nuclear Instruments and Methods in Physics Research Section A: Accelerators, Spectrometers, Detectors and Associated Equipment",
volume = "740",
pages = "197 - 202",
year = "2014",
note = "Proceedings of the first European Advanced Accelerator Concepts Workshop 2013",
issn = "0168-9002",
doi = "https://doi.org/10.1016/j.nima.2013.10.093",
url = "http://www.sciencedirect.com/science/article/pii/S0168900213015003",
author = "E. {\"O}z and P. Muggli",
keywords = "Plasma wake, Rubidium plasma, Field ionization, Density uniformity, Oil heating, Fast valves, Plasma source"
}

@Article{Mangles2004,
author={Mangles, S. P. D.
and others},
title={Monoenergetic beams of relativistic electrons from intense laser-plasma interactions},
journal={Nature},
year={2004},
month={Sep},
day={30},
publisher={Macmillan Magazines Ltd. SN  -},
volume={431},
pages={535 EP  -},
url={http://dx.doi.org/10.1038/nature02939}
}

@Article{Bl2007,
author={Blumenfeld, Ian
and others},
title={Energy doubling of 42 GeV electrons in a metre-scale plasma wakefield accelerator},
journal={Nature},
year={2007},
month={Feb},
day={15},
publisher={Nature Publishing Group SN  -},
volume={445},
pages={741 EP  -},
url={http://dx.doi.org/10.1038/nature05538}
}

@article{255003,
  title = {Self-Modulation Instability of a Long Proton Bunch in Plasmas},
  author = {Kumar, Naveen and others},
  journal = {Phys. Rev. Lett.},
  volume = {104},
  issue = {25},
  pages = {255003},
  numpages = {4},
  year = {2010},
  month = {Jun},
  publisher = {American Physical Society},
  doi = {10.1103/PhysRevLett.104.255003},
  url = {https://link.aps.org/doi/10.1103/PhysRevLett.104.255003}
}

@Article{VHEeP,
author="Caldwell, A.
and Wing, M.",
title="{VHEeP: A very high energy electron--proton collider}",
journal="The European Physical Journal C",
year="2016",
month="Aug",
day="17",
volume="76",
number="8",
pages="463",
issn="1434-6052",
doi="10.1140/epjc/s10052-016-4316-1",
url="https://doi.org/10.1140/epjc/s10052-016-4316-1"
}

@Article{HERA,
author="Abramowicz, H.
and others",
title="Combination of measurements of inclusive deep inelastic scattering cross sections and QCD analysis of HERA data",
journal="The European Physical Journal C",
year="2015",
month="Dec",
day="08",
volume="75",
number="12",
pages="580",
issn="1434-6052",
doi="10.1140/epjc/s10052-015-3710-4",
url="https://doi.org/10.1140/epjc/s10052-015-3710-4"
}

@techreport{AWAKE1,
      author        = "Caldwell, A and Gschwendtner, E and Lotov, K and Muggli, P
                       and Wing, M",
      title         = "{AWAKE Design Report: A Proton-Driven Plasma Wakefield
                       Acceleration Experiment at CERN}",
      collaboration = "AWAKE Collaboration",
      number        = "CERN-SPSC-2013-013. SPSC-TDR-003",
      month         = "Apr",
      year          = "2013",
      reportNumber  = "CERN-SPSC-2013-013",
      url           = "https://cds.cern.ch/record/1537318",
}

@article{AWAKE2,
      author         = "Gschwendtner, E. and others",
      title          = "{AWAKE, The Advanced Proton Driven Plasma Wakefield
                        Acceleration Experiment at CERN}",
      booktitle      = "{Proceedings, 2nd European Advanced Accelerator Concepts
                        Workshop (EAAC2015): La Biodola, Isola d'Elba, Italy,
                        September 12-19, 2015}",
      collaboration  = "AWAKE",
      journal        = "Nucl. Instrum. Meth.",
      volume         = "A829",
      year           = "2016",
      pages          = "76-82",
      doi            = "10.1016/j.nima.2016.02.026",
      eprint         = "1512.05498",
      archivePrefix  = "arXiv",
      primaryClass   = "physics.acc-ph",
      SLACcitation   = "%%CITATION = ARXIV:1512.05498;%%"
}

@misc{Rivet,
Author = {Andy Buckley and Jonathan Butterworth and David Grellscheid and Hendrik Hoeth and Leif Lonnblad and James Monk and Holger Schulz and Frank Siegert},
Title = {Rivet user manual},
Year = {2010},
Eprint = {arXiv:1003.0694},
}